<record><leader>00000cas a22000007a 4500</leader><controlfield tag="001">11966130</controlfield><controlfield tag="008">850426d19411958njuwr ne      0    0eng d</controlfield><datafield ind1=" " ind2=" " tag="010"><subfield code="a">sn 85035617 </subfield></datafield><datafield ind1=" " ind2=" " tag="040"><subfield code="a">NPA</subfield><subfield code="b">eng</subfield><subfield code="c">NPA</subfield><subfield code="d">NJW</subfield><subfield code="d">OCLCQ</subfield></datafield><datafield ind1=" " ind2=" " tag="042"><subfield code="a">msc</subfield></datafield><datafield ind1="0" ind2=" " tag="130"><subfield code="a">Record (Middlebush, N.J. : 1941)</subfield></datafield><datafield ind1="1" ind2="4" tag="245"><subfield code="a">The record.</subfield></datafield><datafield ind1=" " ind2=" " tag="260"><subfield code="a">Middlebush, N.J. :</subfield><subfield code="b">Franklin Twp. Pub. Co.</subfield></datafield><datafield ind1=" " ind2=" " tag="300"><subfield code="a">v. :</subfield><subfield code="b">ill.</subfield></datafield><datafield ind1=" " ind2=" " tag="310"><subfield code="a">Weekly</subfield></datafield><datafield ind1="1" ind2=" " tag="362"><subfield code="a">Began in 1941? Ceased with May 1, 1958 issue.</subfield><subfield code="z">Cf. Wright, W.C. and Stellhorn, P.A. Direct. of N.J. newspapers.</subfield></datafield><datafield ind1=" " ind2=" " tag="500"><subfield code="a">"Franklin Township's own newspaper."</subfield></datafield><datafield ind1=" " ind2=" " tag="530"><subfield code="a">Also issued on microfilm by Norton Micro Images and by the Rutgers University Library.</subfield></datafield><datafield ind1=" " ind2=" " tag="588"><subfield code="a">Description based on: Vol. 18, no. 40 (Aug. 8, 1947).</subfield></datafield><datafield ind1=" " ind2=" " tag="752"><subfield code="a">United States</subfield><subfield code="b">New Jersey</subfield><subfield code="c">Somerset</subfield><subfield code="d">Franklin.</subfield></datafield><datafield ind1="0" ind2="7" tag="785"><subfield code="t">Franklin news (Middlebush, N.J.)</subfield><subfield code="w">(DLC)sn 85035607</subfield><subfield code="w">(OCoLC)11966123</subfield></datafield><datafield ind1="0" ind2="7" tag="785"><subfield code="t">Franklin news-record</subfield><subfield code="w">(DLC)sn 85035608</subfield><subfield code="w">(OCoLC)11966134</subfield></datafield></record>